% Generated bibliography template
% Please fill in the actual publication details

@misc{ai_driven_optimization,
    title = {Ai Driven Optimization},
    author = {Author Name},
    year = {2024},
    note = {Please add publication details}
}

@misc{approvals2021,
    title = {Approvals2021},
    author = {Author Name},
    year = {2024},
    note = {Please add publication details}
}

@misc{argo_cd_docs,
    title = {Argo Cd Docs},
    author = {{Organization Name}},
    year = {2024},
    url = {https://example.com},
    note = {Accessed: 2024-08-20}
}

@misc{argocd2023,
    title = {Argocd2023},
    author = {Author Name},
    year = {2024},
    note = {Please add publication details}
}

@misc{argocd2023documentation,
    title = {Argocd2023Documentation},
    author = {{Organization Name}},
    year = {2024},
    url = {https://example.com},
    note = {Accessed: 2024-08-20}
}

@misc{argocd_docs2023,
    title = {Argocd Docs2023},
    author = {{Organization Name}},
    year = {2024},
    url = {https://example.com},
    note = {Accessed: 2024-08-20}
}

@misc{authentication_bottlenecks,
    title = {Authentication Bottlenecks},
    author = {Author Name},
    year = {2024},
    note = {Please add publication details}
}

@misc{authentication_performance,
    title = {Authentication Performance},
    author = {Author Name},
    year = {2024},
    note = {Please add publication details}
}

@misc{authentication_security,
    title = {Authentication Security},
    author = {Author Name},
    year = {2024},
    note = {Please add publication details}
}

@misc{automation_benefits,
    title = {Automation Benefits},
    author = {Author Name},
    year = {2024},
    note = {Please add publication details}
}

@misc{automation_vs_performance,
    title = {Automation Vs Performance},
    author = {Author Name},
    year = {2024},
    note = {Please add publication details}
}

@misc{bcrypt_optimization,
    title = {Bcrypt Optimization},
    author = {Author Name},
    year = {2024},
    note = {Please add publication details}
}

@misc{bcrypt_performance,
    title = {Bcrypt Performance},
    author = {Author Name},
    year = {2024},
    note = {Please add publication details}
}

@misc{beetz2021gitops,
    title = {Beetz2021Gitops},
    author = {Author Name},
    year = {2024},
    note = {Please add publication details}
}

@misc{build_tools_comparison,
    title = {Build Tools Comparison},
    author = {Author Name},
    year = {2024},
    note = {Please add publication details}
}

@misc{chaos_engineering,
    title = {Chaos Engineering},
    author = {Author Name},
    year = {2024},
    note = {Please add publication details}
}

@misc{ci2021,
    title = {Ci2021},
    author = {Author Name},
    year = {2024},
    note = {Please add publication details}
}

@misc{cicd2020,
    title = {Cicd2020},
    author = {Author Name},
    year = {2024},
    note = {Please add publication details}
}

@misc{cicd_research_gaps,
    title = {Cicd Research Gaps},
    author = {Author Name},
    year = {2024},
    note = {Please add publication details}
}

@misc{cloud_native_patterns,
    title = {Cloud Native Patterns},
    author = {Author Name},
    year = {2024},
    note = {Please add publication details}
}

@misc{cohen1988,
    title = {Cohen1988},
    author = {Author Name},
    year = {2024},
    note = {Please add publication details}
}

@misc{cohen1988_effect_sizes,
    title = {Cohen1988 Effect Sizes},
    author = {Author Name},
    year = {2024},
    note = {Please add publication details}
}

@misc{cohen1988_statistical_power,
    title = {Cohen1988 Statistical Power},
    author = {Author Name},
    year = {2024},
    note = {Please add publication details}
}

@misc{cohen1988statistical,
    title = {Cohen1988Statistical},
    author = {Author Name},
    year = {2024},
    note = {Please add publication details}
}

@misc{cohen_statistical1988,
    title = {Cohen Statistical1988},
    author = {Author Name},
    year = {2024},
    note = {Please add publication details}
}

@misc{cohens_d_effect_size,
    title = {Cohens D Effect Size},
    author = {Author Name},
    year = {2024},
    note = {Please add publication details}
}

@misc{cohens_d_interpretation,
    title = {Cohens D Interpretation},
    author = {Author Name},
    year = {2024},
    note = {Please add publication details}
}

@misc{competitive_advantage_through_technology,
    title = {Competitive Advantage Through Technology},
    author = {Author Name},
    year = {2024},
    note = {Please add publication details}
}

@misc{complexity2022,
    title = {Complexity2022},
    author = {Author Name},
    year = {2024},
    note = {Please add publication details}
}

@misc{complexity_metrics,
    title = {Complexity Metrics},
    author = {Author Name},
    year = {2024},
    note = {Please add publication details}
}

@article{compliance_frameworks,
    title = {Compliance Frameworks},
    author = {Author Name},
    journal = {Journal Name},
    year = {2024},
    volume = {1},
    number = {1},
    pages = {1--10}
}

@misc{confidence_intervals,
    title = {Confidence Intervals},
    author = {Author Name},
    year = {2024},
    note = {Please add publication details}
}

@misc{consistency2023,
    title = {Consistency2023},
    author = {Author Name},
    year = {2024},
    note = {Please add publication details}
}

@misc{context_driven_decisions,
    title = {Context Driven Decisions},
    author = {Author Name},
    year = {2024},
    note = {Please add publication details}
}

@misc{correlation_interpretation_standards,
    title = {Correlation Interpretation Standards},
    author = {Author Name},
    year = {2024},
    note = {Please add publication details}
}

@misc{data_driven_decisions,
    title = {Data Driven Decisions},
    author = {Author Name},
    year = {2024},
    note = {Please add publication details}
}

@misc{data_sovereignty,
    title = {Data Sovereignty},
    author = {Author Name},
    year = {2024},
    note = {Please add publication details}
}

@misc{database_performance_impact,
    title = {Database Performance Impact},
    author = {Author Name},
    year = {2024},
    note = {Please add publication details}
}

@misc{dataconsistency2023,
    title = {Dataconsistency2023},
    author = {Author Name},
    year = {2024},
    note = {Please add publication details}
}

@misc{declarative2022,
    title = {Declarative2022},
    author = {Author Name},
    year = {2024},
    note = {Please add publication details}
}

@misc{deployment_strategies,
    title = {Deployment Strategies},
    author = {Author Name},
    year = {2024},
    note = {Please add publication details}
}

@misc{devops_empirical_studies,
    title = {Devops Empirical Studies},
    author = {Author Name},
    year = {2024},
    note = {Please add publication details}
}

@article{devops_methodology,
    title = {Devops Methodology},
    author = {Author Name},
    journal = {Journal Name},
    year = {2024},
    volume = {1},
    number = {1},
    pages = {1--10}
}

@misc{devsecops,
    title = {Devsecops},
    author = {Author Name},
    year = {2024},
    note = {Please add publication details}
}

@misc{distributed2021,
    title = {Distributed2021},
    author = {Author Name},
    year = {2024},
    note = {Please add publication details}
}

@misc{distributed_deployment,
    title = {Distributed Deployment},
    author = {Author Name},
    year = {2024},
    note = {Please add publication details}
}

@misc{docker2023,
    title = {Docker2023},
    author = {Author Name},
    year = {2024},
    note = {Please add publication details}
}

@misc{docker2023documentation,
    title = {Docker2023Documentation},
    author = {{Organization Name}},
    year = {2024},
    url = {https://example.com},
    note = {Accessed: 2024-08-20}
}

@misc{domain_specific_requirements,
    title = {Domain Specific Requirements},
    author = {Author Name},
    year = {2024},
    note = {Please add publication details}
}

@misc{edge_computing,
    title = {Edge Computing},
    author = {Author Name},
    year = {2024},
    note = {Please add publication details}
}

@misc{effect_size_interpretation,
    title = {Effect Size Interpretation},
    author = {Author Name},
    year = {2024},
    note = {Please add publication details}
}

@misc{emerging_technologies,
    title = {Emerging Technologies},
    author = {Author Name},
    year = {2024},
    note = {Please add publication details}
}

@misc{empirical2022,
    title = {Empirical2022},
    author = {Author Name},
    year = {2024},
    note = {Please add publication details}
}

@misc{empirical_software_engineering,
    title = {Empirical Software Engineering},
    author = {Author Name},
    year = {2024},
    note = {Please add publication details}
}

@misc{empirical_study_constraints,
    title = {Empirical Study Constraints},
    author = {Author Name},
    year = {2024},
    note = {Please add publication details}
}

@misc{enterprise_automation_benefits,
    title = {Enterprise Automation Benefits},
    author = {Author Name},
    year = {2024},
    note = {Please add publication details}
}

@misc{enterprise_cost_modeling,
    title = {Enterprise Cost Modeling},
    author = {Author Name},
    year = {2024},
    note = {Please add publication details}
}

@misc{enterprise_decision_making,
    title = {Enterprise Decision Making},
    author = {Author Name},
    year = {2024},
    note = {Please add publication details}
}

@misc{enterprise_deployment_practices,
    title = {Enterprise Deployment Practices},
    author = {Author Name},
    year = {2024},
    note = {Please add publication details}
}

@misc{enterprise_integration_patterns,
    title = {Enterprise Integration Patterns},
    author = {Author Name},
    year = {2024},
    note = {Please add publication details}
}

@misc{enterprise_scale_challenges,
    title = {Enterprise Scale Challenges},
    author = {Author Name},
    year = {2024},
    note = {Please add publication details}
}

@misc{enterprise_technology_adoption,
    title = {Enterprise Technology Adoption},
    author = {Author Name},
    year = {2024},
    note = {Please add publication details}
}

@misc{enterprise_transformation,
    title = {Enterprise Transformation},
    author = {Author Name},
    year = {2024},
    note = {Please add publication details}
}

@misc{evans2003domain,
    title = {Evans2003Domain},
    author = {Author Name},
    year = {2024},
    note = {Please add publication details}
}

@misc{evidence_based_decisions,
    title = {Evidence Based Decisions},
    author = {Author Name},
    year = {2024},
    note = {Please add publication details}
}

@misc{evidence_based_software_engineering,
    title = {Evidence Based Software Engineering},
    author = {Author Name},
    year = {2024},
    note = {Please add publication details}
}

@misc{evidence_based_technology_decisions,
    title = {Evidence Based Technology Decisions},
    author = {Author Name},
    year = {2024},
    note = {Please add publication details}
}

@misc{experimental_bias_control,
    title = {Experimental Bias Control},
    author = {Author Name},
    year = {2024},
    note = {Please add publication details}
}

@misc{experimental_design,
    title = {Experimental Design},
    author = {Author Name},
    year = {2024},
    note = {Please add publication details}
}

@misc{experimental_validation,
    title = {Experimental Validation},
    author = {Author Name},
    year = {2024},
    note = {Please add publication details}
}

@misc{extreme_load_scenarios,
    title = {Extreme Load Scenarios},
    author = {Author Name},
    year = {2024},
    note = {Please add publication details}
}

@misc{fair_evaluation_techniques,
    title = {Fair Evaluation Techniques},
    author = {Author Name},
    year = {2024},
    note = {Please add publication details}
}

@misc{fenton2014software,
    title = {Fenton2014Software},
    author = {Author Name},
    year = {2024},
    note = {Please add publication details}
}

@misc{flux2023,
    title = {Flux2023},
    author = {Author Name},
    year = {2024},
    note = {Please add publication details}
}

@misc{fowler2013,
    title = {Fowler2013},
    author = {Author Name},
    year = {2024},
    note = {Please add publication details}
}

@misc{fowler2013continuous,
    title = {Fowler2013Continuous},
    author = {Author Name},
    year = {2024},
    note = {Please add publication details}
}

@misc{function_as_service,
    title = {Function As Service},
    author = {Author Name},
    year = {2024},
    note = {Please add publication details}
}

@misc{future_research_directions,
    title = {Future Research Directions},
    author = {Author Name},
    year = {2024},
    note = {Please add publication details}
}

@misc{gcp_pricing2023,
    title = {Gcp Pricing2023},
    author = {Author Name},
    year = {2024},
    note = {Please add publication details}
}

@misc{github2023actions,
    title = {Github2023Actions},
    author = {Author Name},
    year = {2024},
    note = {Please add publication details}
}

@misc{github_actions2023,
    title = {Github Actions2023},
    author = {Author Name},
    year = {2024},
    note = {Please add publication details}
}

@misc{github_education2023,
    title = {Github Education2023},
    author = {Author Name},
    year = {2024},
    note = {Please add publication details}
}

@misc{gitops2017weaveworks,
    title = {Gitops2017Weaveworks},
    author = {Author Name},
    year = {2024},
    note = {Please add publication details}
}

@misc{gitops2021,
    title = {Gitops2021},
    author = {Author Name},
    year = {2024},
    note = {Please add publication details}
}

@misc{global_deployment,
    title = {Global Deployment},
    author = {Author Name},
    year = {2024},
    note = {Please add publication details}
}

@misc{gradual_adoption_strategies,
    title = {Gradual Adoption Strategies},
    author = {Author Name},
    year = {2024},
    note = {Please add publication details}
}

@misc{grafana2023documentation,
    title = {Grafana2023Documentation},
    author = {{Organization Name}},
    year = {2024},
    url = {https://example.com},
    note = {Accessed: 2024-08-20}
}

@misc{green_computing,
    title = {Green Computing},
    author = {Author Name},
    year = {2024},
    note = {Please add publication details}
}

@misc{heroku_buildpacks2023,
    title = {Heroku Buildpacks2023},
    author = {Author Name},
    year = {2024},
    note = {Please add publication details}
}

@misc{heroku_platform2023,
    title = {Heroku Platform2023},
    author = {Author Name},
    year = {2024},
    note = {Please add publication details}
}

@misc{hybrid_architectures,
    title = {Hybrid Architectures},
    author = {Author Name},
    year = {2024},
    note = {Please add publication details}
}

@misc{hybrid_cloud_patterns,
    title = {Hybrid Cloud Patterns},
    author = {Author Name},
    year = {2024},
    note = {Please add publication details}
}

@misc{hybrid_implementation,
    title = {Hybrid Implementation},
    author = {Author Name},
    year = {2024},
    note = {Please add publication details}
}

@misc{hybrid_quantum_classical,
    title = {Hybrid Quantum Classical},
    author = {Author Name},
    year = {2024},
    note = {Please add publication details}
}

@misc{hypothesis_testing,
    title = {Hypothesis Testing},
    author = {Author Name},
    year = {2024},
    note = {Please add publication details}
}

@misc{hypothesis_testing_software_engineering,
    title = {Hypothesis Testing Software Engineering},
    author = {Author Name},
    year = {2024},
    note = {Please add publication details}
}

@misc{incremental_transformation,
    title = {Incremental Transformation},
    author = {Author Name},
    year = {2024},
    note = {Please add publication details}
}

@misc{industry_standards,
    title = {Industry Standards},
    author = {Author Name},
    year = {2024},
    note = {Please add publication details}
}

@misc{industry_variations,
    title = {Industry Variations},
    author = {Author Name},
    year = {2024},
    note = {Please add publication details}
}

@misc{informed_decision_making,
    title = {Informed Decision Making},
    author = {Author Name},
    year = {2024},
    note = {Please add publication details}
}

@misc{integration_patterns,
    title = {Integration Patterns},
    author = {Author Name},
    year = {2024},
    note = {Please add publication details}
}

@article{investment_decision_frameworks,
    title = {Investment Decision Frameworks},
    author = {Author Name},
    journal = {Journal Name},
    year = {2024},
    volume = {1},
    number = {1},
    pages = {1--10}
}

@misc{java_gradle_performance,
    title = {Java Gradle Performance},
    author = {Author Name},
    year = {2024},
    note = {Please add publication details}
}

@misc{jwt2022,
    title = {Jwt2022},
    author = {Author Name},
    year = {2024},
    note = {Please add publication details}
}

@misc{jwt_rfc7519,
    title = {Jwt Rfc7519},
    author = {Author Name},
    year = {2024},
    note = {Please add publication details}
}

@misc{kim2016devops,
    title = {Kim2016Devops},
    author = {Author Name},
    year = {2024},
    note = {Please add publication details}
}

@misc{kubernetes2023,
    title = {Kubernetes2023},
    author = {Author Name},
    year = {2024},
    note = {Please add publication details}
}

@misc{kubernetes2023documentation,
    title = {Kubernetes2023Documentation},
    author = {{Organization Name}},
    year = {2024},
    url = {https://example.com},
    note = {Accessed: 2024-08-20}
}

@misc{kubernetes_docs,
    title = {Kubernetes Docs},
    author = {{Organization Name}},
    year = {2024},
    url = {https://example.com},
    note = {Accessed: 2024-08-20}
}

@misc{kubernetes_docs2023,
    title = {Kubernetes Docs2023},
    author = {{Organization Name}},
    year = {2024},
    url = {https://example.com},
    note = {Accessed: 2024-08-20}
}

@misc{kustomize_docs2023,
    title = {Kustomize Docs2023},
    author = {{Organization Name}},
    year = {2024},
    url = {https://example.com},
    note = {Accessed: 2024-08-20}
}

@misc{large_system_complexity,
    title = {Large System Complexity},
    author = {Author Name},
    year = {2024},
    note = {Please add publication details}
}

@misc{long_term_operational_costs,
    title = {Long Term Operational Costs},
    author = {Author Name},
    year = {2024},
    note = {Please add publication details}
}

@misc{longitudinal_studies,
    title = {Longitudinal Studies},
    author = {Author Name},
    year = {2024},
    note = {Please add publication details}
}

@article{methodology_comparison,
    title = {Methodology Comparison},
    author = {Author Name},
    journal = {Journal Name},
    year = {2024},
    volume = {1},
    number = {1},
    pages = {1--10}
}

@misc{microservices2021,
    title = {Microservices2021},
    author = {Author Name},
    year = {2024},
    note = {Please add publication details}
}

@misc{microservices_patterns,
    title = {Microservices Patterns},
    author = {Author Name},
    year = {2024},
    note = {Please add publication details}
}

@misc{migration_patterns,
    title = {Migration Patterns},
    author = {Author Name},
    year = {2024},
    note = {Please add publication details}
}

@misc{mission_critical_systems,
    title = {Mission Critical Systems},
    author = {Author Name},
    year = {2024},
    note = {Please add publication details}
}

@misc{ml_for_devops,
    title = {Ml For Devops},
    author = {Author Name},
    year = {2024},
    note = {Please add publication details}
}

@misc{multi_cloud_evaluation,
    title = {Multi Cloud Evaluation},
    author = {Author Name},
    year = {2024},
    note = {Please add publication details}
}

@misc{multicloud2023,
    title = {Multicloud2023},
    author = {Author Name},
    year = {2024},
    note = {Please add publication details}
}

@misc{multicloud_patterns2023,
    title = {Multicloud Patterns2023},
    author = {Author Name},
    year = {2024},
    note = {Please add publication details}
}

@misc{nodejs_performance,
    title = {Nodejs Performance},
    author = {Author Name},
    year = {2024},
    note = {Please add publication details}
}

@misc{normalization_techniques,
    title = {Normalization Techniques},
    author = {Author Name},
    year = {2024},
    note = {Please add publication details}
}

@misc{operational_tradeoffs,
    title = {Operational Tradeoffs},
    author = {Author Name},
    year = {2024},
    note = {Please add publication details}
}

@misc{optimization2022,
    title = {Optimization2022},
    author = {Author Name},
    year = {2024},
    note = {Please add publication details}
}

@misc{optimization_first_approach,
    title = {Optimization First Approach},
    author = {Author Name},
    year = {2024},
    note = {Please add publication details}
}

@misc{organizational_case_studies,
    title = {Organizational Case Studies},
    author = {Author Name},
    year = {2024},
    note = {Please add publication details}
}

@misc{organizational_factors,
    title = {Organizational Factors},
    author = {Author Name},
    year = {2024},
    note = {Please add publication details}
}

@misc{paas2022,
    title = {Paas2022},
    author = {Author Name},
    year = {2024},
    note = {Please add publication details}
}

@misc{performance2023,
    title = {Performance2023},
    author = {Author Name},
    year = {2024},
    note = {Please add publication details}
}

@misc{performance_attribution,
    title = {Performance Attribution},
    author = {Author Name},
    year = {2024},
    note = {Please add publication details}
}

@misc{performance_attribution_methodologies,
    title = {Performance Attribution Methodologies},
    author = {Author Name},
    year = {2024},
    note = {Please add publication details}
}

@misc{performance_benchmarking,
    title = {Performance Benchmarking},
    author = {Author Name},
    year = {2024},
    note = {Please add publication details}
}

@misc{performance_optimization,
    title = {Performance Optimization},
    author = {Author Name},
    year = {2024},
    note = {Please add publication details}
}

@misc{performance_tradeoffs,
    title = {Performance Tradeoffs},
    author = {Author Name},
    year = {2024},
    note = {Please add publication details}
}

@misc{pipenv_overhead,
    title = {Pipenv Overhead},
    author = {Author Name},
    year = {2024},
    note = {Please add publication details}
}

@misc{platform_specific_optimizations,
    title = {Platform Specific Optimizations},
    author = {Author Name},
    year = {2024},
    note = {Please add publication details}
}

@misc{polyglot2022,
    title = {Polyglot2022},
    author = {Author Name},
    year = {2024},
    note = {Please add publication details}
}

@misc{polyglot_persistence_challenges,
    title = {Polyglot Persistence Challenges},
    author = {Author Name},
    year = {2024},
    note = {Please add publication details}
}

@misc{production_system_evaluation,
    title = {Production System Evaluation},
    author = {Author Name},
    year = {2024},
    note = {Please add publication details}
}

@misc{programming_language_performance,
    title = {Programming Language Performance},
    author = {Author Name},
    year = {2024},
    note = {Please add publication details}
}

@misc{prometheus2023documentation,
    title = {Prometheus2023Documentation},
    author = {{Organization Name}},
    year = {2024},
    url = {https://example.com},
    note = {Accessed: 2024-08-20}
}

@misc{prometheus_docs2023,
    title = {Prometheus Docs2023},
    author = {{Organization Name}},
    year = {2024},
    url = {https://example.com},
    note = {Accessed: 2024-08-20}
}

@misc{python_performance,
    title = {Python Performance},
    author = {Author Name},
    year = {2024},
    note = {Please add publication details}
}

@misc{quantum_computing,
    title = {Quantum Computing},
    author = {Author Name},
    year = {2024},
    note = {Please add publication details}
}

@misc{regulatory_compliance,
    title = {Regulatory Compliance},
    author = {Author Name},
    year = {2024},
    note = {Please add publication details}
}

@misc{research_limitations,
    title = {Research Limitations},
    author = {Author Name},
    year = {2024},
    note = {Please add publication details}
}

@article{research_methodology,
    title = {Research Methodology},
    author = {Author Name},
    journal = {Journal Name},
    year = {2024},
    volume = {1},
    number = {1},
    pages = {1--10}
}

@misc{research_reproducibility,
    title = {Research Reproducibility},
    author = {Author Name},
    year = {2024},
    note = {Please add publication details}
}

@article{research_validity_framework,
    title = {Research Validity Framework},
    author = {Author Name},
    journal = {Journal Name},
    year = {2024},
    volume = {1},
    number = {1},
    pages = {1--10}
}

@misc{resilience_testing,
    title = {Resilience Testing},
    author = {Author Name},
    year = {2024},
    note = {Please add publication details}
}

@misc{rfc7519jwt,
    title = {Rfc7519Jwt},
    author = {Author Name},
    year = {2024},
    note = {Please add publication details}
}

@misc{security_automation,
    title = {Security Automation},
    author = {Author Name},
    year = {2024},
    note = {Please add publication details}
}

@misc{security_evaluation,
    title = {Security Evaluation},
    author = {Author Name},
    year = {2024},
    note = {Please add publication details}
}

@misc{selective_adoption,
    title = {Selective Adoption},
    author = {Author Name},
    year = {2024},
    note = {Please add publication details}
}

@misc{selfhealing2023,
    title = {Selfhealing2023},
    author = {Author Name},
    year = {2024},
    note = {Please add publication details}
}

@misc{serverless_computing,
    title = {Serverless Computing},
    author = {Author Name},
    year = {2024},
    note = {Please add publication details}
}

@misc{small_team_practices,
    title = {Small Team Practices},
    author = {Author Name},
    year = {2024},
    note = {Please add publication details}
}

@misc{software_complexity_measurement,
    title = {Software Complexity Measurement},
    author = {Author Name},
    year = {2024},
    note = {Please add publication details}
}

@misc{software_complexity_metrics,
    title = {Software Complexity Metrics},
    author = {Author Name},
    year = {2024},
    note = {Please add publication details}
}

@misc{software_deployment_patterns,
    title = {Software Deployment Patterns},
    author = {Author Name},
    year = {2024},
    note = {Please add publication details}
}

@misc{software_engineering_research,
    title = {Software Engineering Research},
    author = {Author Name},
    year = {2024},
    note = {Please add publication details}
}

@misc{software_metrics,
    title = {Software Metrics},
    author = {Author Name},
    year = {2024},
    note = {Please add publication details}
}

@article{statistical_analysis_methods,
    title = {Statistical Analysis Methods},
    author = {Author Name},
    journal = {Journal Name},
    year = {2024},
    volume = {1},
    number = {1},
    pages = {1--10}
}

@article{statistical_methodology,
    title = {Statistical Methodology},
    author = {Author Name},
    journal = {Journal Name},
    year = {2024},
    volume = {1},
    number = {1},
    pages = {1--10}
}

@article{statistical_power_analysis,
    title = {Statistical Power Analysis},
    author = {Author Name},
    journal = {Journal Name},
    year = {2024},
    volume = {1},
    number = {1},
    pages = {1--10}
}

@misc{statistical_significance_standards,
    title = {Statistical Significance Standards},
    author = {Author Name},
    year = {2024},
    note = {Please add publication details}
}

@misc{statistics2023,
    title = {Statistics2023},
    author = {Author Name},
    year = {2024},
    note = {Please add publication details}
}

@misc{strategic_implementation,
    title = {Strategic Implementation},
    author = {Author Name},
    year = {2024},
    note = {Please add publication details}
}

@misc{strategic_technology_planning,
    title = {Strategic Technology Planning},
    author = {Author Name},
    year = {2024},
    note = {Please add publication details}
}

@misc{stress_testing,
    title = {Stress Testing},
    author = {Author Name},
    year = {2024},
    note = {Please add publication details}
}

@misc{sustainable_software,
    title = {Sustainable Software},
    author = {Author Name},
    year = {2024},
    note = {Please add publication details}
}

@article{system_performance_analysis,
    title = {System Performance Analysis},
    author = {Author Name},
    journal = {Journal Name},
    year = {2024},
    volume = {1},
    number = {1},
    pages = {1--10}
}

@misc{system_performance_optimization,
    title = {System Performance Optimization},
    author = {Author Name},
    year = {2024},
    note = {Please add publication details}
}

@article{tco_analysis,
    title = {Tco Analysis},
    author = {Author Name},
    journal = {Journal Name},
    year = {2024},
    volume = {1},
    number = {1},
    pages = {1--10}
}

@misc{team_dynamics,
    title = {Team Dynamics},
    author = {Author Name},
    year = {2024},
    note = {Please add publication details}
}

@misc{team_scaling_patterns,
    title = {Team Scaling Patterns},
    author = {Author Name},
    year = {2024},
    note = {Please add publication details}
}

@article{technology_adoption_frameworks,
    title = {Technology Adoption Frameworks},
    author = {Author Name},
    journal = {Journal Name},
    year = {2024},
    volume = {1},
    number = {1},
    pages = {1--10}
}

@misc{technology_diversity,
    title = {Technology Diversity},
    author = {Author Name},
    year = {2024},
    note = {Please add publication details}
}

@misc{technology_selection,
    title = {Technology Selection},
    author = {Author Name},
    year = {2024},
    note = {Please add publication details}
}

@misc{technology_stack_performance,
    title = {Technology Stack Performance},
    author = {Author Name},
    year = {2024},
    note = {Please add publication details}
}

@misc{universal_improvements,
    title = {Universal Improvements},
    author = {Author Name},
    year = {2024},
    note = {Please add publication details}
}

@misc{vendor_neutral_evaluation,
    title = {Vendor Neutral Evaluation},
    author = {Author Name},
    year = {2024},
    note = {Please add publication details}
}

@misc{weaveworks2017gitops,
    title = {Weaveworks2017Gitops},
    author = {Author Name},
    year = {2024},
    note = {Please add publication details}
}

